@book{hardy_littlewood_pólya g._2018, place={Beijing Shi}, title={Inequalities}, publisher={Shi jie tu shu chu ban gong si}, author={Hardy, G. H. and Littlewood, J. E. and Pólya G.}, year={2018}}
 
 